# sample entry
@article{tossim,
  author =	 "Philip Levis and Nelson Lee",
  title =        "TOSSIM: A simulator for TinyOS Networks",
  year =         {2003},
}
@article{nesC,
  author =	 "David Gay and Philip Levis and David Culler and Eric Brewer",
  title =        "nesC 1.1 Language Reference Manual",
  year =         {May 2003},
}

# sample URL
@misc{openvz,
	howpublished = {{http://wiki.openvz.org/}},
	title = {{OpenVZ}}
}

% temporary bib item; useful for marking down future citations
@misc{TODO,
	title = {{TODO}}
}
